[gd_scene load_steps=14 format=2]

[ext_resource path="res://resources/system/default_env.tres" type="Environment" id=1]
[ext_resource path="res://resources/fonts/IBMPlexMono-Medium.ttf" type="DynamicFontData" id=2]
[ext_resource path="res://scripts/ui_widgets/label_current_time.gd" type="Script" id=3]
[ext_resource path="res://assets/sprites/scanline.png" type="Texture" id=4]
[ext_resource path="res://scripts/note_select.gd" type="Script" id=5]
[ext_resource path="res://resources/fonts/sarasa-ui-sc-regular.ttf" type="DynamicFontData" id=6]

[sub_resource type="StyleBoxFlat" id=1]
bg_color = Color( 0.698039, 0.698039, 0.698039, 0.4 )

[sub_resource type="StyleBoxEmpty" id=2]

[sub_resource type="StyleBoxEmpty" id=3]

[sub_resource type="StyleBoxEmpty" id=4]

[sub_resource type="StyleBoxEmpty" id=5]

[sub_resource type="DynamicFont" id=6]
size = 28
font_data = ExtResource( 6 )

[sub_resource type="DynamicFont" id=7]
size = 26
font_data = ExtResource( 2 )

[node name="NoteSelect" type="Node2D"]
script = ExtResource( 5 )

[node name="WorldEnvironment" type="WorldEnvironment" parent="."]
environment = ExtResource( 1 )

[node name="ColorRectBackground" type="ColorRect" parent="."]
modulate = Color( 0.298039, 0.298039, 0.298039, 1 )
margin_right = 1280.0
margin_bottom = 480.0
color = Color( 0.0784314, 0.109804, 0.12549, 1 )
__meta__ = {
"_edit_lock_": true,
"_edit_use_anchors_": false
}

[node name="NoteList" type="ItemList" parent="."]
modulate = Color( 0.690196, 1, 1, 1 )
margin_left = 32.0
margin_top = 32.0
margin_right = 1248.0
margin_bottom = 416.0
custom_styles/selected_focus = SubResource( 1 )
custom_styles/bg_focus = SubResource( 2 )
custom_styles/cursor_unfocused = SubResource( 3 )
custom_styles/selected = SubResource( 4 )
custom_styles/bg = SubResource( 5 )
custom_fonts/font = SubResource( 6 )
__meta__ = {
"_edit_use_anchors_": false
}

[node name="Div" type="ColorRect" parent="."]
modulate = Color( 0.596078, 0.831373, 0.882353, 0.776471 )
margin_top = 440.0
margin_right = 1280.0
margin_bottom = 444.0
__meta__ = {
"_edit_use_anchors_": false
}

[node name="LabelCurrentTime" type="Label" parent="."]
modulate = Color( 0.596078, 0.831373, 0.882353, 1 )
margin_left = 1144.0
margin_top = 440.0
margin_right = 1272.0
margin_bottom = 480.0
custom_fonts/font = SubResource( 7 )
text = "01:27AM"
align = 2
valign = 2
uppercase = true
script = ExtResource( 3 )
__meta__ = {
"_edit_lock_": true,
"_edit_use_anchors_": false
}

[node name="LabelHelpBar" type="Label" parent="."]
modulate = Color( 0.596078, 0.831373, 0.882353, 1 )
margin_left = 16.0
margin_top = 440.0
margin_right = 1008.0
margin_bottom = 480.0
custom_fonts/font = SubResource( 7 )
text = "F3-FULLSCREEN   F5-QUIT   F6-DELETE   F9-NEW   F10-TYPEWRITER"
valign = 2
uppercase = true
__meta__ = {
"_edit_use_anchors_": false
}

[node name="ScanlineOverlay" type="Sprite" parent="."]
modulate = Color( 0.27451, 0.478431, 0.556863, 0.25098 )
position = Vector2( 640, 240 )
texture = ExtResource( 4 )
__meta__ = {
"_edit_lock_": true
}

[node name="Cover" type="ColorRect" parent="."]
margin_right = 1280.0
margin_bottom = 480.0
color = Color( 1, 1, 1, 0 )
__meta__ = {
"_edit_use_anchors_": false
}
